<?xml version="1.0" encoding="UTF-8"?><collection xmlns="http://www.loc.gov/MARC21/slim"><record><leader>00341nam--2200133-i-4500</leader><controlfield tag="001">000032755</controlfield><controlfield tag="002">20161230</controlfield><controlfield tag="005">20161230201039</controlfield><controlfield tag="008">060222s1000------------r-----000-0-eng-d</controlfield><datafield ind1=" " ind2=" " tag="080"><subfield code="a">547</subfield></datafield><datafield ind1=" " ind2=" " tag="245"><subfield code="a">Modern reactions in organic synthesis</subfield></datafield><datafield ind1=" " ind2=" " tag="260"><subfield code="a">London, Van Nostrand Reinhold Co., 1970, Vi + 311p</subfield></datafield><datafield ind1=" " ind2=" " tag="700"><subfield code="a">Timmons, C.J</subfield></datafield><datafield ind1=" " ind2=" " tag="852"><subfield code="a">34977</subfield></datafield></record></collection>